@misc{chollet2015keras,
	title={Keras},
	author={Chollet, Fran\c{c}ois and others},
	year={2015},
	publisher={GitHub},
	howpublished={\url{https://github.com/fchollet/keras}},
}
@book{Goodfellow-et-al-2016,
	title={Deep Learning},
	author={Ian Goodfellow and Yoshua Bengio and Aaron Courville},
	publisher={MIT Press},
	note={\url{http://www.deeplearningbook.org}},
	year={2016}
}
@article{Srivastava-et-al-2014,
	author = {Nitish Srivastava and	Geoffrey Hinton and	Alex Krizhevsky and Ilya Sutskever and
	Ruslan Salakhutdinov},
	title = {Dropout:  A Simple Way to Prevent Neural Networks from
	Overfitting},
	journaltitle = {Journal of Machine Learning Research },
	date = {2014}
}
